@MISC{Bernardo2011,
  author =       {Paulo Cheque Bernardo},
  title =        {Desenvolvendo Bons Testes Automatizados},
  howpublished = {Disponível em: $<$https://www.ime.usp.br/~cheque/TestesAutomatizados-PauloCheque-Qualificacao.pdf$>$. Acesso em: 08 de fevereiro de 2018.},
  Year = {2011}
}
@MISC{Silveira2003,
  author =       {I. F. Silveira},
  title =        {Linguagem Java},
  howpublished = {Disponível em: $<$http://www.infowester.com/lingjava.php$>$. Acesso em: 08 de fevereiro de 2018.},
  Year = {2003}
}
@MISC{Dias2014,
  author =       {J. W. Dias and D. Barranco and D. Delapria},
  title =        {Testes Automatizados Com JUnite Mockito},
  howpublished = {Disponível em: $<$http://web.unipar.br/~seinpar/2014/artigos/pos/douglas\_delapria\%20e\%20dener\_barranco.pdf$>$. Acesso em: 12 de fevereiro de 2018.},
  Year = {2014}
}
@Misc{SELENIUMHQ,
author = {SeleniumHQ},
title = {Selenium – Web Browser Automation},
howpublished = {Disponível em: $<$https://www.seleniumhq.org/$>$. Acesso em: 12 de fevereiro de 2018.},
year = {2017}
}
