@article{Piccinini2012,
  title={Uma análise sobre a inserção profissional de estudantes de administração no Brasil},
  author={Sidinei Rocha Oliveira and Valmiria Carolina Piccinini},
  journal={RAM. Revista de Administração Mackenzie},
  volume={13},
  number={2},
  year={2012},
  publisher={Universidade Presbiteriana Mackenzie}
}

@MISC{Pereira2009,
  author =       {Ana Altina Cambuí Pereira and Maria de Lourdes O. Reis da Silva},
  title =        {O Trabalho de Conclusão de Curso: Constructo epistemológico no currículo formação, valor e  importância},
  howpublished = {Disponível em: $<$http://fedathi.multimeios.ufc.br/rides/phocadownload/artigos\_iiienforsup\_adicionais.pdf$>$. Acesso em: 11 de maio de 2018.},
  Year = {2009}
}

@article{manualTCC,
  author={IFTM},
  title={Resolução Nº 06/2012, de 09 de março de 2012 - {Manual} para normatização de trabalhos de conclusão de curso ({TCC}) do {IFTM}},
  year={2012},
  publisher={Instituto Federal de Educação, Ciência e Tecnologia do Triângulo Mineiro}
}

@article{manualEstagio,
  author={IFTM},
  title={Resolução Nº 23/2011, de 29 de março de 2011 - {Normas} para elaboração de relatório de estágio},
  year={2011},
  publisher={Instituto Federal de Educação, Ciência e Tecnologia do Triângulo Mineiro}
}

@techreport{oetiker2001,
  title={The not so short introduction to LATEX 2$\varepsilon$},
  author={Tobias Oetiker and Hubert Partl and Irene Hyna and Elisabeth Schlegl},
  year={2001},
  institution={ETH Zurich}
}

@MISC{miktex2018,
  author =       {Christian Schenk},
  title =        {About MikTeX},
  howpublished = {Disponível em: $<$https://miktex.org/about$>$. Acesso em: 08 de maio de 2018.},
  Year = {2018}
}

@MISC{texmaker2018,
  author =       {Pascal Brachet},
  title =        {TEXMAKER Free cross-platform LaTeX editor},
  howpublished = {Disponível em: $<$http://www.xm1math.net/texmaker/$>$. Acesso em: 08 de maio de 2018.},
  Year = {2018}
}

@MISC{tables2018,
  author =       {TablesGenerator},
  title =        {Create LaTeX tables online},
  howpublished = {Disponível em: $<$http://www.tablesgenerator.com/$>$. Acesso em: 10 de maio de 2018.},
  Year = {2018}
}

@MISC{LATEX2018,
  author =       {LaTeX},
  title =        {An introduction to LaTeX},
  howpublished = {Disponível em: $<$https://www.latex-project.org/about/$>$. Acesso em: 08 de maio de 2018.},
  Year = {2018}
}

@MISC{TeXdoc2018,
  author =       {Zyba Ltd },
  title =        {TeXdoc Online - TeX and LaTeX documentation lookup system},
  howpublished = {Disponível em: $<$http://www.texdoc.net/$>$. Acesso em: 13 de maio de 2018.},
  Year = {2018}
}
@MISC{CodeCogs2018,
  author =       {CodeCogs},
  title =        {Editor online de equações LaTeX},
  howpublished = {Disponível em: $<$https://www.codecogs.com/latex/eqneditor.php?lang=pt-br$>$. Acesso em: 12 de maio de 2018.},
  Year = {2018}
}

@MISC{GIT2018,
  author =       {GIT-SCM},
  title =        {GIT},
  howpublished = {Disponível em: $<$https://git-scm.com/$>$. Acesso em: 27 de junho de 2018.},
  Year = {2018}
}

@MISC{GITHUB2018,
  author =       {GitHub},
  title =        {Hello World},
  howpublished = {Disponível em: $<$https://guides.github.com/activities/hello-world/$>$. Acesso em: 27 de junho de 2018.},
  Year = {2016}
}

